001  0000119
005  20180822154858.572
008  170701s||||     bl|||||||||||||||||por|u
020    $a9788561191535
040    $aPorto Alegre$bpor
080    $282-93-Verde$a1997
090    $a82-93-Verde$bS586k
100 1  $aSilva, Cidinha da
245 10 $aKuami
260    $aBelo Horizonte$bNandyala$c2011
300    $a88 p.$bcolor
650    $aLiteratura infantil
650    $aLiteratura indigena
650    $aLiteratura afro-brasileira
650    $aElegante
650    $aSereia
